@article{einstein,
    author =       "Albert Einstein",
    title =        "{Zur Elektrodynamik bewegter K{\"o}rper}. ({German})
    [{On} the electrodynamics of moving bodies]",
    journal =      "Annalen der Physik",
    volume =       "322",
    number =       "10",
    pages =        "891--921",
    year =         "1905",
    DOI =          "http://dx.doi.org/10.1002/andp.19053221004",
    keywords =     "physics"
}
 
@book{dirac,
    title={The Principles of Quantum Mechanics},
    author={Paul Adrien Maurice Dirac},
    isbn={9780198520115},
    series={International series of monographs on physics},
    year={1981},
    publisher={Clarendon Press},
    keywords = {physics}
}
 
@online{knuthwebsite,
    author    = "Donald Knuth",
    title     = "Knuth: Computers and Typesetting",
    url       = "http://www-cs-faculty.stanford.edu/~uno/abcde.html",
    keywords  = "latex,knuth"
}
 
@inbook{knuth-fa,
    author = "Donald E. Knuth",
    title = "Fundamental Algorithms",
    publisher = "Addison-Wesley",
    year = "1973",
    chapter = "1.2",
    keywords  = "knuth,programming"
}



@book{gray,
    title       =   {Mathematical Proofs - A Transition to Advanced Mathematics},
    author      =   {Gary Chartrand, Albert D. Polimeni, Ping Zhang},
    isbn        =   {9780321390530},
    year        =   {2008},
    publisher   =   {Pearson Addison Wesley},
    keywords    =   {mathematics, proofs}
}



@book{david,
    title       =   {Elementary Number Theory},
    author      =   {David M. Burton},
    isbn        =   {0205048145},
    edition     =   {2nd Edition},
    year        =   {1976},
    publisher   =   {Allyn and Bacon, Inc},
    keywords    =   {mathematics, proofs, number theory}
    
}
 

@book{ted,
    title       =   {Mathematical Reasoning - Writing and Proof},
    author      =   {Ted Sundstrom},
    isbn        =   {0000000000},
    edition     =   {2.1 Edition},
    year        =   {2016},
    publisher   =   {Pearson Education, Inc.},
    keywords    =   {mathematics, proofs}
    
}


@book{Maddox,
    title       =   {A transition to Abstract Mathematics - Learning Mathematical Thinking and Writing},
    author      =   {Randall B. Maddox},
    isbn        =   {978-0-12-374480-7},
    edition     =   {2nd Edition},
    year        =   {2009},
    publisher   =   {Elsevier Academic Press},
    keywords    =   {mathematics, proofs}
    
}


@book{Ronald,
    title       =   {Bridge to Abstract Mathematics - Mathematical Proof and Structures},
    author      =   {Ronald P. Morash},
    isbn        =   {0-394-35429-X},
    edition     =   {1st Edition},
    year        =   {1987},
    publisher   =   {Random House, Inc},
    keywords    =   {mathematics, proofs}
    
} 

@book{karel,
    title       =   {Introduction to Set Theory},
    author      =   {Karel Hrbacek, Thomas Jech},
    isbn        =   {0-8247-6570-2},
    edition     =   {1st Edition},
    year        =   {1978},
    publisher   =   {Marcel Dekker, Inc},
    keywords    =   {mathematics, set theory}
    
} 

} 

@book{Hammack,
    title       =   {Book of Proofs},
    author      =   {Richard Hammack},
    isbn        =   {0-0000-0000-0},
    edition     =   {Edition 2.2},
    year        =   {2013},
    publisher   =   {Virginia Commonwealth University},
    keywords    =   {mathematics, proofs}
    
} 

} 

@book{Ross,
    title       =   {The Algebraic Foundations of Mathematics},
    author      =   {Ross A. Beaumont, Richard S. Pierce},
    isbn        =   {63-8825},
    edition     =   {1st Edition},
    year        =   {1963},
    publisher   =   {Addison-Wesley Publishing Company Inc.},
    keywords    =   {mathematics, set theory, number theory, foundations}
    
} 